@inproceedings{Cootes1992AnIT,
  title={An Introduction to Active Shape Models},
  author={Tim Cootes},
  year={1992}
}

@article{cootes1996statistical,
  title={Statistical grey-level models for object location and identification},
  author={Cootes, Timothy F and Page, GJ and Jackson, CB and Taylor, Christopher J},
  journal={Image and Vision Computing},
  volume={14},
  number={8},
  pages={533--540},
  year={1996},
  publisher={Elsevier}
}

@article{MASK-RCNN,
  author    = {Kaiming He and
               Georgia Gkioxari and
               Piotr Doll{\'{a}}r and
               Ross B. Girshick},
  title     = {Mask {R-CNN}},
  journal   = {CoRR},
  volume    = {abs/1703.06870},
  year      = {2017},
  url       = {http://arxiv.org/abs/1703.06870},
  archivePrefix = {arXiv},
  eprint    = {1703.06870},
  timestamp = {Wed, 07 Jun 2017 14:42:32 +0200},
  biburl    = {https://dblp.org/rec/bib/journals/corr/HeGDG17},
  bibsource = {dblp computer science bibliography, https://dblp.org}
}
@article{yolov3,
  title={YOLOv3: An Incremental Improvement},
  author={Redmon, Joseph and Farhadi, Ali},
  journal = {arXiv},
  year={2018}
}

@misc{AHE,
title={Adaptive histogram equalization},
howpublished={URL: \url{https://en.wikipedia.org/wiki/Adaptive_histogram_equalization#Contrast_Limited_AHE}},
author={}
}