@inproceedings{Cootes1992AnIT,
  title={An Introduction to Active Shape Models},
  author={Tim Cootes},
  year={1992}
}

@article{cootes1996statistical,
  title={Statistical grey-level models for object location and identification},
  author={Cootes, Timothy F and Page, GJ and Jackson, CB and Taylor, Christopher J},
  journal={Image and Vision Computing},
  volume={14},
  number={8},
  pages={533--540},
  year={1996},
  publisher={Elsevier}
}